<?xml version="1.0" encoding="UTF-8"?><collection xmlns="http://www.loc.gov/MARC21/slim"><record><leader>00501nam--2200133-i-4500</leader><controlfield tag="001">000028694</controlfield><controlfield tag="002">20161230</controlfield><controlfield tag="005">20161230201037</controlfield><controlfield tag="008">060222s1000------------r-----000-0-eng-d</controlfield><datafield ind1=" " ind2=" " tag="080"><subfield code="a">015:548.73</subfield></datafield><datafield ind1=" " ind2=" " tag="100"><subfield code="a">Lapasset, Jacques</subfield></datafield><datafield ind1=" " ind2=" " tag="245"><subfield code="a">Contribution a l`etude radiocristallographique de divers composes: derives de la transdecalone, 2, derives du pyrazole, acide 12, hydroxysandaracopimarique. these</subfield></datafield><datafield ind1=" " ind2=" " tag="260"><subfield code="a">Languedoc, Universite Des Sciences Et Techniques Du Languedoc, 1972, 142p</subfield></datafield><datafield ind1=" " ind2=" " tag="852"><subfield code="a">38065</subfield></datafield></record></collection>